<record><leader>00000cas a22000007a 4500</leader><controlfield tag="001">28399973</controlfield><controlfield tag="008">930708d188u1885cauwr ne      0    0eng d</controlfield><datafield ind1=" " ind2=" " tag="010"><subfield code="a">sn 93051493 </subfield></datafield><datafield ind1=" " ind2=" " tag="040"><subfield code="a">CUY</subfield><subfield code="b">eng</subfield><subfield code="c">CNK</subfield><subfield code="d">OCLCQ</subfield><subfield code="d">CUY</subfield><subfield code="d">OCLCQ</subfield><subfield code="d">OCLCO</subfield><subfield code="d">OCLCF</subfield></datafield><datafield ind1="1" ind2=" " tag="029"><subfield code="a">AU@</subfield><subfield code="b">000025893526</subfield></datafield><datafield ind1=" " ind2=" " tag="042"><subfield code="a">msc</subfield></datafield><datafield ind1=" " ind2=" " tag="043"><subfield code="a">n-us-ca</subfield></datafield><datafield ind1="0" ind2="0" tag="245"><subfield code="a">Times-Mercury weekly.</subfield></datafield><datafield ind1=" " ind2=" " tag="260"><subfield code="a">San Jose, Calif. :</subfield><subfield code="b">C.M. Shortridge</subfield></datafield><datafield ind1=" " ind2=" " tag="300"><subfield code="a">v.</subfield></datafield><datafield ind1=" " ind2=" " tag="310"><subfield code="a">Weekly</subfield></datafield><datafield ind1="1" ind2=" " tag="362"><subfield code="a">Ceased in 1885.</subfield></datafield><datafield ind1=" " ind2=" " tag="588"><subfield code="a">Description based on: Vol. 33, no. 19 (May 2, 1885).</subfield></datafield><datafield ind1=" " ind2="0" tag="651"><subfield code="a">San Jose (Calif.)</subfield><subfield code="v">Newspapers.</subfield></datafield><datafield ind1=" " ind2="7" tag="655"><subfield code="a">Newspapers.</subfield><subfield code="2">fast</subfield><subfield code="0">(OCoLC)fst01423814</subfield></datafield><datafield ind1=" " ind2="7" tag="651"><subfield code="a">California</subfield><subfield code="z">San Jose.</subfield><subfield code="2">fast</subfield><subfield code="0">(OCoLC)fst01206320</subfield></datafield><datafield ind1=" " ind2=" " tag="752"><subfield code="a">United States</subfield><subfield code="b">California</subfield><subfield code="c">Santa Clara</subfield><subfield code="d">San Jose.</subfield></datafield><datafield ind1="0" ind2=" " tag="775"><subfield code="t">San Jose times-Mercury</subfield><subfield code="w">(DLC)sn 93051504</subfield></datafield><datafield ind1="0" ind2="4" tag="780"><subfield code="t">San Jose weekly Mercury (San Jose, Calif. : 1869)</subfield><subfield code="w">(DLC)sn 82014047</subfield></datafield><datafield ind1="0" ind2="4" tag="780"><subfield code="t">Weekly times (San Jose, Calif.)</subfield><subfield code="w">(DLC)sn 93051497</subfield></datafield><datafield ind1="0" ind2="0" tag="785"><subfield code="t">San Jose weekly Mercury (San Jose, Calif. : 1885)</subfield><subfield code="w">(DLC)sn 93051494</subfield></datafield></record>